@INPROCEEDINGS{5276938,

  author={Faruqe, Md. Omar and Hasan, Md. Al Mehedi},

  booktitle={2009 3rd International Conference on Anti-counterfeiting, Security, and Identification in Communication}, 

  title={Face recognition using PCA and SVM}, 

  year={2009},

  volume={},

  number={},

  pages={97-101},

  doi={10.1109/ICASID.2009.5276938}}

@INPROCEEDINGS{8078730,

  author={Guo, Tianmei and Dong, Jiwen and Li, Henjian and Gao, Yunxing},

  booktitle={2017 IEEE 2nd International Conference on Big Data Analysis (ICBDA)}, 

  title={Simple convolutional neural network on image classification}, 

  year={2017},

  volume={},

  number={},

  pages={721-724},

  doi={10.1109/ICBDA.2017.8078730}}

@INPROCEEDINGS{9137850,

  author={Sharma, Sudha and Bhatt, Mayank and Sharma, Pratyush},

  booktitle={2020 5th International Conference on Communication and Electronics Systems (ICCES)}, 

  title={Face Recognition System Using Machine Learning Algorithm}, 

  year={2020},

  volume={},

  number={},

  pages={1162-1168},

  doi={10.1109/ICCES48766.2020.9137850}}

@INPROCEEDINGS{9716171,
  author={Sudiana, Dodi and Rizkinia, Mia and Alamsyah, Fahri},
  booktitle={2021 17th International Conference on Quality in Research (QIR): International Symposium on Electrical and Computer Engineering}, 
  title={Performance Evaluation of Machine Learning Classifiers for Face Recognition}, 
  year={2021},
  volume={},
  number={},
  pages={71-75},
  doi={10.1109/QIR54354.2021.9716171}}

@article{bhattacharyya2013face,
  title={Face recognition by linear discriminant analysis},
  author={Bhattacharyya, Suman Kumar and Rahul, Kumar},
  journal={International Journal of Communication Network Security},
  volume={2},
  number={2},
  pages={31--35},
  year={2013}
}


@misc{dataset,
author="Olivetti",
title="Face Recognition from Olivetti Data Set ",
url={https://www.kaggle.com/code/serkanpeldek/face-recognition-on-olivetti-dataset/notebook}
}

@misc{cnn,
author="",
title="Convolutional Neural Network ",
url={https://www.happiestminds.com/insights/convolutional-neural-networks-cnns/}
}

@misc{pca,
author="sklearn",
title="PCA: Principal Component Analysis using Python (Scikit-learn)",
url={https://www.jcchouinard.com/pca-with-python/}
}

@misc{train-test-split,
author="scikit-learn",
title="train-test-split-documentation",
url={https://scikit-learn.org/stable/modules/generated/sklearn.model_selection.train_test_split.html}
}

@misc{grid-search-cV,
author="scikit-learn",
title="GridSearchCV-documentation",
url={https://scikit-learn.org/stable/modules/generated/sklearn.model_selection.GridSearchCV.html}
}

@misc{k-fold,
author="scikit-learn",
title="KFold-documentation",
url={https://scikit-learn.org/stable/modules/generated/sklearn.model_selection.KFold.html}
}

@misc{cross-validate,
author="scikit-learn",
title="cross-validate-documentation",
url={https://scikit-learn.org/stable/modules/generated/sklearn.model_selection.cross_validate.html}
}

@misc{validation-curve,
author="scikit-learn",
title="validation-curve-documentation",
url={https://scikit-learn.org/stable/modules/generated/sklearn.model_selection.validation_curve.html}
}

@misc{logistic-regression-def,
author="javatpoint",
title="logistic-regression-definition",
url={https://www.javatpoint.com/logistic-regression-in-machine-learning}
}

@misc{logistic-regression,
author="scikit-learn",
title="logistic-regression-documentation",
url={https://scikit-learn.org/stable/modules/generated/sklearn.linear_model.LogisticRegression.html}
}

@misc{svm,
author="scikit-learn",
title="svm-documentation",
url={https://scikit-learn.org/stable/modules/generated/sklearn.svm.SVC.html}
}

@misc{lda,
author="Wikipidia",
title="Linear Discriminante Analysis",
url={https://en.wikipedia.org/wiki/Linear_discriminant_analysis}
}

@misc{svm-def,
author="MonkeyLearn",
title="svm-definition",
url={https://monkeylearn.com/blog/introduction-to-support-vector-machines-svm/}
}


@misc{gnb,
author="upGrade",
title="Gaussian Naive Bayes",
url={https://www.upgrad.com/blog/gaussian-naive-bayes/}
}

@misc{knn,
author="scikit-learn",
title="knn-documentation",
url={https://scikit-learn.org/stable/modules/generated/sklearn.neighbors.KNeighborsClassifier.html}
}

@misc{knn-def,
author="IBM",
title="knn-definition",
url={https://www.ibm.com/topics/knn}
}

@misc{tree,
author="scikit-learn",
title="tree-documentation",
url={https://scikit-learn.org/stable/modules/generated/sklearn.tree.DecisionTreeClassifier.html}
}

@misc{tree-def,
author="javatpoint",
title="tree-definition",
url={https://www.javatpoint.com/machine-learning-decision-tree-classification-algorithm}
}